@ARTICLE{ARTICLE:1,
    AUTHOR="CFPB",
    TITLE="Using publicly available information to proxy for unidentified race and ethnicity ",
    JOURNAL="CFPB",
    YEAR="2014",
    MONTH="Summer"
}

@BOOK{BOOK:1,
    AUTHOR="Bradley Efron and Robert Tibshirani",
    TITLE="An Introduction to the Bootstrap",
    PUBLISHER="Chapman \& Hall/CRC",
    YEAR="1993",
}

@BOOK{BOOK:2,
    AUTHOR="A.C. Davison and D.V. Hinkley",
    TITLE="Bootstrap Methods and their Application",
    PUBLISHER="Cambridge University Press",
    YEAR="1998",
}

@BOOK{BOOK:3,
    AUTHOR="Laura Chihara and Tim Hesterberg",
    TITLE="Mathematical Statistics with Resampling and R",
    PUBLISHER="Wiley",
    YEAR="2011",
}

@BOOK{BOOK:4,
    AUTHOR="Mark Lutz",
    TITLE="Learning Python",
    PUBLISHER="O'Reilly",
    YEAR="2009",
}

@BOOK{BOOK:5,
    AUTHOR="Cathy O'Neil",
    TITLE="Weapons of Math Destruction: how big data increases inequality and threatens democracy",
    PUBLISHER="Crown",
    YEAR="2016",
}

@BOOK{BOOK:6,
    AUTHOR="Matthew Desmond",
    TITLE="Evicted: poverty and profit in the American City",
    PUBLISHER="Broadway Books",
    YEAR="2017",
}

@BOOK{BOOK:7,
    AUTHOR="William McKinney.",
    TITLE="Python for Data Analysis : Data Wrangling with Pandas, NumPy, and IPython",
    PUBLISHER="O'Reilly",
    YEAR="2012",
}

@BOOK{BOOK:8,
    AUTHOR="{Trevor Hastie, Robert Tibshirani, Jerome Friedman}",
    TITLE="The Elements of Statistical Learning",
    PUBLISHER="Springer Series in Statistics",
    YEAR="2013",
}


@MISC{WEBSITE:1,
	HOWPUBLISHED = "\url{https://www.latimes.com/business/la-fi-rand-elliott-20160824-snap-story.html}",
	AUTHOR = "James Rufus Koren",
	TITLE = "Feds use Rand formula to spot discrimination. The GOP calls it junk science",
	MONTH = "Aug",
	YEAR = "2016",
}

@MISC{WEBSITE:2,
	HOWPUBLISHED = "\url{https://mathbabe.org/2016/08/29/bisg-methodology/}",
	AUTHOR = "Cathy O'Neil",
	TITLE = "BISG Methodology",
	MONTH = "Aug",
	YEAR = "2016",
}

% pandas
@MISC{WEBSITE:3,
	HOWPUBLISHED = "\url{https://pandas.pydata.org/pandas-docs/stable/index.html}",
	AUTHOR = "{The Pandas Community}",
	TITLE = "Pandas Documentation",
	MONTH = "Feb.",
	YEAR = "2019",
}

%matplotlib
@MISC{WEBSITE:4,
	HOWPUBLISHED = "\url{https://matplotlib.org/}",
	AUTHOR = "The Matplotlib development team",
	TITLE = "Matplotlib",
	YEAR = "2012-2018",
}

%wikipedia
@MISC{WEBSITE:5,
	HOWPUBLISHED = "\url{https://en.wikipedia.org/wiki/Disparate_impact}",
	AUTHOR = "Wikipedia",
	TITLE = "Disparate Impact",
	MONTH = "Jan.",
	YEAR = "2019",
}

%wikipedia
@MISC{WEBSITE:6,
	HOWPUBLISHED = "\url{https://en.wikipedia.org/wiki/Disparate_treatment}",
	AUTHOR = "Wikipedia",
	TITLE = "Disparate Treatment",
	MONTH = "Mar.",
	YEAR = "2018",
}

%wikipedia
@MISC{WEBSITE:7,
	HOWPUBLISHED = "\url{https://en.wikipedia.org/wiki/Fair_Housing_Act}",
	AUTHOR = "Wikipedia",
	TITLE = "Fair Housing Act",
	MONTH = "Mar.",
	YEAR = "2019",
}

%ipyparallel
@MISC{WEBSITE:8,
	HOWPUBLISHED = "\url{https://ipyparallel.readthedocs.io/en/latest/}",
	AUTHOR = "{IPython Development Team}",
	TITLE = "Using IPython for parallel computing",
	MONTH = "Oct.",
	YEAR = "2018",
}

%IRB training website/course
@MISC{WEBSITE:9,
	HOWPUBLISHED = "\url{https://www.citiprogram.org}",
	AUTHOR = "{CITI Program}",
	TITLE = "{Social \& Behavioral Research Investigators}",
	MONTH = "Nov.",
	YEAR = "2017",
}

@MISC{WEBSITE:10,
	HOWPUBLISHED = "\url{https://www.hhs.gov/ohrp/regulations-and-policy/belmont-report/read-the-belmont-report/index.htmlg}",
	AUTHOR = "{Department of Health, Education, and Welfare}",
	TITLE = "The Belmont Report",
	MONTH = "Apr.",
	YEAR = "1979",
}

@MISC{WEBSITE:11,
	HOWPUBLISHED = "\url{https://www.ecfr.gov/cgi-bin/retrieveECFR?gp=&SID=83cd09e1c0f5c6937cd9d7513160fc3f&pitd=20180719&n=pt45.1.46&r=PART&ty=HTML}",
	AUTHOR = "{Office for Human Research Protections}",
	TITLE = "45 CFR 46.102 The Federal Regulations - SBE",
	MONTH = "Jul.",
	YEAR = "2018",
}

@MISC{WEBSITE:12,
	HOWPUBLISHED = "\url{https://www.masscourts.org/eservices/home.page.2}",
	AUTHOR = "{Massachusetts Trial Court}",
	MONTH = "Mar.",
	YEAR = "2019",
}

@MISC{WEBSITE:13,
	HOWPUBLISHED = "\url{https://stackoverflow.com/questions/19744527/pandas-read-stata-with-large-dta-files}",
	TITLE = "Pandas read stata with large dta files",
	AUTHOR = "Nick Cox",
	MONTH = "Nov.",
	YEAR = "2013",
}

@MISC{WEBSITE:14,
	HOWPUBLISHED = "\url{https://pypi.org/project/censusgeocode/}",
	TITLE = "censusgeocode",
	AUTHOR = "{Python Community}",
	MONTH = "Mar.",
	YEAR = "2019",
}

@MISC{WEBSITE:15,
	HOWPUBLISHED = "\url{http://eyeonhousing.org/2017/12/homeownership-by-race-and-ethnicity/}",
	TITLE = "Home Ownership by Race and Ethnicity",
	AUTHOR = "{Carmel Ford}",
	MONTH = "Dec.",
	YEAR = "2017",
}

@MISC{WEBSITE:16,
	HOWPUBLISHED = "\url{https://en.wikipedia.org/wiki/Bootstrapping_(statistics)}",
	TITLE = "Bootstrapping",
	AUTHOR = "{Wikipedia}",
	MONTH = "Mar.",
	YEAR = "2019",
}

@MISC{WEBSITE:17,
	HOWPUBLISHED = "\url{https://en.wikipedia.org/wiki/List_of_municipalities_in_Massachusetts}",
	TITLE = "{Municipalities in Massachusetts}",
	AUTHOR = "{Wikipedia}",
	MONTH = "Feb.",
	YEAR = "2019",
}
